%
%  An example of a bibliographical database for bibTeX
%
%  Recommended software for maintenance of *.bib files:
%    JabRef, http://jabref.sourceforge.net/
%
%  BEWARE:
%
%    *  If a name contains a capital letter, which must be kept such,
%       use curly brackets ({T}hailand, {HIV}).
%
%  ===========================================================================

@BOOK{Sakarovitch09,
  title = {{E}lements of {A}utomata {T}heory},
  publisher = {Cambridge University Press},
  year = {2009},
  author = {Sakarovitch, J.},
  series = {1st Edition},
  isbn = {978-0521844253}
}

@ARTICLE{Eggan63,
title = "{T}ransition graphs and the star-height of regular events.",
year = "1963",
author = "Eggan, L. C.",
doi = "10.1307/mmj/1028998975",
fjournal = "The Michigan Mathematical Journal",
journal = "Michigan Math. J.",
volume = "10",
month = "12",
number = "4",
pages = "385--397",
publisher = "University of Michigan, Department of Mathematics",
url = "http://dx.doi.org/10.1307/mmj/1028998975"
}

@ARTICLE{DejeanSchutzenberger66,
title = "{O}n a question of {E}ggan",
year = "1966",
author = "F. Dejean and M.P. Sch√ºtzenberger",
journal = "Information and Control",
volume = "9",
number = "1",
pages = "23--25",
issn = "0019-9958",
doi = "http://dx.doi.org/10.1016/S0019-9958(66)90083-0",
url = "http://www.sciencedirect.com/science/article/pii/S0019995866900830"
}

@ARTICLE{Kleene56,
  title = {{R}epresentation of events in nerve nets and finite automata},
  year = {1956},
  author = {Kleene, S. C.},
  journal = {Automata Studies},
  pages = {3--41}
}

@ARTICLE{Hashiguchi1990,
  title = "{A}lgorithms for determining relative star height and star height",
  year = "1988",
  author = "Hashiguchi, K.",
  journal = "Information and Computation",
  volume = "78",
  number = "2",
  pages = "124 - 169",
  issn = "0890-5401",
  doi = "http://dx.doi.org/10.1016/0890-5401(88)90033-8",
  url = "http://www.sciencedirect.com/science/article/pii/0890540188900338"
}

@ARTICLE{Kirsten05,
	author = "Kirsten, D.",
	year = "2005",
	title = "{D}istance desert automata and the star height problem",
	journal = "RAIRO - Theoretical Informatics and Applications",
	volume = 39,
	number = 3,
	pages = "455-509",
	DOI= "10.1051/ita:2005027",
	url= "https://doi.org/10.1051/ita:2005027"
}

@ARTICLE{BrzozowskiMcCluskey64,
  title={{S}ignal {F}low {G}raph {T}echniques for {S}equential {C}ircuit {S}tate {D}iagrams},
  author={J. A. Brzozowski and E. J. McCluskey},
  journal={IEEE Transactions on Electronic Computers},
  year={1963},
  volume={EC-12},
  number={2},
  pages={67-76},
  keywords={Algebra;Application software;Automata;Clocks;Content addressable storage;Differential algebraic equations;Flow graphs;Graph theory;Pulse circuits;Sequential circuits},
  doi={10.1109/PGEC.1963.263416},
  ISSN={0367-7508},
  month={April},
}